@article{DBLP:journals/iacr/AbeHO10,
  author    = {Masayuki Abe and
               Kristiyan Haralambiev and
               Miyako Ohkubo},
  title     = {Signing on Elements in Bilinear Groups for Modular Protocol Design},
  journal   = {{IACR} Cryptology ePrint Archive},
  volume    = {2010},
  pages     = {133},
  year      = {2010},
  url       = {http://eprint.iacr.org/2010/133},
  timestamp = {Mon, 05 Dec 2011 18:05:46 +0100},
  biburl    = {http://dblp.uni-trier.de/rec/bib/journals/iacr/AbeHO10},
  bibsource = {dblp computer science bibliography, http://dblp.org}
}

@inproceedings{DBLP:conf/eurocrypt/BellareKPW12,
  author    = {Mihir Bellare and
               Eike Kiltz and
               Chris Peikert and
               Brent Waters},
  title     = {Identity-Based (Lossy) Trapdoor Functions and Applications},
  booktitle = {Advances in Cryptology - {EUROCRYPT} 2012 - 31st Annual International
               Conference on the Theory and Applications of Cryptographic Techniques,
               Cambridge, UK, April 15-19, 2012. Proceedings},
  pages     = {228--245},
  year      = {2012},
  crossref  = {DBLP:conf/eurocrypt/2012},
  url       = {http://dx.doi.org/10.1007/978-3-642-29011-4_15},
  doi       = {10.1007/978-3-642-29011-4_15},
  timestamp = {Mon, 18 Jan 2016 17:00:14 +0100},
  biburl    = {http://dblp.uni-trier.de/rec/bib/conf/eurocrypt/BellareKPW12},
  bibsource = {dblp computer science bibliography, http://dblp.org}
}

@proceedings{DBLP:conf/eurocrypt/2012,
  editor    = {David Pointcheval and
               Thomas Johansson},
  title     = {Advances in Cryptology - {EUROCRYPT} 2012 - 31st Annual International
               Conference on the Theory and Applications of Cryptographic Techniques,
               Cambridge, UK, April 15-19, 2012. Proceedings},
  series    = {Lecture Notes in Computer Science},
  volume    = {7237},
  publisher = {Springer},
  year      = {2012},
  url       = {http://dx.doi.org/10.1007/978-3-642-29011-4},
  doi       = {10.1007/978-3-642-29011-4},
  isbn      = {978-3-642-29010-7},
  timestamp = {Mon, 18 Jan 2016 17:00:14 +0100},
  biburl    = {http://dblp.uni-trier.de/rec/bib/conf/eurocrypt/2012},
  bibsource = {dblp computer science bibliography, http://dblp.org}
}

@article{shannon-otp,
  added-at = {2010-01-26T20:03:21.000+0100},
  author = {Shannon, C.},
  biburl = {http://www.bibsonomy.org/bibtex/2b07c0c91f6c750562d884d919065a6e8/nmenke},
  interhash = {0c15e2ae21f0ff1fbcdfc222fc4ee00a},
  intrahash = {b07c0c91f6c750562d884d919065a6e8},
  journal = {Bell System Technical Journal, Vol 28, pp. 656–715},
  keywords = {imported},
  month = {Oktober},
  timestamp = {2010-01-26T20:03:21.000+0100},
  title = {Communication Theory of Secrecy Systems},
  year = 1949
}

@misc{cryptoeprint:2015:629,
    author = {Véronique Cortier and Georg Fuchsbauer and David Galindo},
    title = {BeleniosRF: A Strongly Receipt-Free Electronic Voting Scheme},
    howpublished = {Cryptology ePrint Archive, Report 2015/629},
    year = {2015},
    note = {\url{http://eprint.iacr.org/2015/629}},
}



@inproceedings{DBLP:conf/crypto/DodisMS16,
  author    = {Yevgeniy Dodis and
               Ilya Mironov and
               Noah Stephens{-}Davidowitz},
  title     = {Message Transmission with Reverse Firewalls - Secure Communication
               on Corrupted Machines},
  booktitle = {Advances in Cryptology - {CRYPTO} 2016 - 36th Annual International
               Cryptology Conference, Santa Barbara, CA, USA, August 14-18, 2016,
               Proceedings, Part {I}},
  pages     = {341--372},
  year      = {2016},
  crossref  = {DBLP:conf/crypto/2016-1},
  url       = {http://dx.doi.org/10.1007/978-3-662-53018-4_13},
  doi       = {10.1007/978-3-662-53018-4_13},
  timestamp = {Wed, 27 Jul 2016 12:46:24 +0200},
  biburl    = {http://dblp.uni-trier.de/rec/bib/conf/crypto/DodisMS16},
  bibsource = {dblp computer science bibliography, http://dblp.org}
}

@proceedings{DBLP:conf/crypto/2016-1,
  editor    = {Matthew Robshaw and
               Jonathan Katz},
  title     = {Advances in Cryptology - {CRYPTO} 2016 - 36th Annual International
               Cryptology Conference, Santa Barbara, CA, USA, August 14-18, 2016,
               Proceedings, Part {I}},
  series    = {Lecture Notes in Computer Science},
  volume    = {9814},
  publisher = {Springer},
  year      = {2016},
  url       = {http://dx.doi.org/10.1007/978-3-662-53018-4},
  doi       = {10.1007/978-3-662-53018-4},
  isbn      = {978-3-662-53017-7},
  timestamp = {Wed, 27 Jul 2016 12:44:59 +0200},
  biburl    = {http://dblp.uni-trier.de/rec/bib/conf/crypto/2016-1},
  bibsource = {dblp computer science bibliography, http://dblp.org}
}



@inproceedings{DBLP:conf/eurocrypt/ChaseKLM12,
  author    = {Melissa Chase and
               Markulf Kohlweiss and
               Anna Lysyanskaya and
               Sarah Meiklejohn},
  title     = {Malleable Proof Systems and Applications},
  booktitle = {Advances in Cryptology - {EUROCRYPT} 2012 - 31st Annual International
               Conference on the Theory and Applications of Cryptographic Techniques,
               Cambridge, UK, April 15-19, 2012. Proceedings},
  pages     = {281--300},
  year      = {2012},
  crossref  = {DBLP:conf/eurocrypt/2012},
  url       = {http://dx.doi.org/10.1007/978-3-642-29011-4_18},
  doi       = {10.1007/978-3-642-29011-4_18},
  timestamp = {Mon, 18 Jan 2016 17:00:14 +0100},
  biburl    = {http://dblp.uni-trier.de/rec/bib/conf/eurocrypt/ChaseKLM12},
  bibsource = {dblp computer science bibliography, http://dblp.org}
}

@proceedings{DBLP:conf/eurocrypt/2012,
  editor    = {David Pointcheval and
               Thomas Johansson},
  title     = {Advances in Cryptology - {EUROCRYPT} 2012 - 31st Annual International
               Conference on the Theory and Applications of Cryptographic Techniques,
               Cambridge, UK, April 15-19, 2012. Proceedings},
  series    = {Lecture Notes in Computer Science},
  volume    = {7237},
  publisher = {Springer},
  year      = {2012},
  url       = {http://dx.doi.org/10.1007/978-3-642-29011-4},
  doi       = {10.1007/978-3-642-29011-4},
  isbn      = {978-3-642-29010-7},
  timestamp = {Mon, 18 Jan 2016 17:00:14 +0100},
  biburl    = {http://dblp.uni-trier.de/rec/bib/conf/eurocrypt/2012},
  bibsource = {dblp computer science bibliography, http://dblp.org}
}



@inproceedings{DBLP:conf/pkc/BlazyFPV11,
  author    = {Olivier Blazy and
               Georg Fuchsbauer and
               David Pointcheval and
               Damien Vergnaud},
  title     = {Signatures on Randomizable Ciphertexts},
  booktitle = {Public Key Cryptography - {PKC} 2011 - 14th International Conference
               on Practice and Theory in Public Key Cryptography, Taormina, Italy,
               March 6-9, 2011. Proceedings},
  pages     = {403--422},
  year      = {2011},
  crossref  = {DBLP:conf/pkc/2011},
  url       = {http://dx.doi.org/10.1007/978-3-642-19379-8_25},
  doi       = {10.1007/978-3-642-19379-8_25},
  timestamp = {Thu, 03 Mar 2011 13:00:02 +0100},
  biburl    = {http://dblp.uni-trier.de/rec/bib/conf/pkc/BlazyFPV11},
  bibsource = {dblp computer science bibliography, http://dblp.org}
}

@proceedings{DBLP:conf/pkc/2011,
  editor    = {Dario Catalano and
               Nelly Fazio and
               Rosario Gennaro and
               Antonio Nicolosi},
  title     = {Public Key Cryptography - {PKC} 2011 - 14th International Conference
               on Practice and Theory in Public Key Cryptography, Taormina, Italy,
               March 6-9, 2011. Proceedings},
  series    = {Lecture Notes in Computer Science},
  volume    = {6571},
  publisher = {Springer},
  year      = {2011},
  url       = {http://dx.doi.org/10.1007/978-3-642-19379-8},
  doi       = {10.1007/978-3-642-19379-8},
  isbn      = {978-3-642-19378-1},
  timestamp = {Thu, 03 Mar 2011 12:55:49 +0100},
  biburl    = {http://dblp.uni-trier.de/rec/bib/conf/pkc/2011},
  bibsource = {dblp computer science bibliography, http://dblp.org}
}

@article{DBLP:journals/joc/CashKS09,
  author    = {David Cash and
               Eike Kiltz and
               Victor Shoup},
  title     = {The Twin Diffie-Hellman Problem and Applications},
  journal   = {J. Cryptology},
  volume    = {22},
  number    = {4},
  pages     = {470--504},
  year      = {2009},
  url       = {http://dx.doi.org/10.1007/s00145-009-9041-6},
  doi       = {10.1007/s00145-009-9041-6},
  timestamp = {Tue, 15 Dec 2009 13:32:59 +0100},
  biburl    = {http://dblp.uni-trier.de/rec/bib/journals/joc/CashKS09},
  bibsource = {dblp computer science bibliography, http://dblp.org}
}




